<record xmlns="http://www.loc.gov/MARC21/slim" xmlns:xsi="http://www.w3.org/2001/XMLSchema-instance" xsi:schemaLocation="http://www.loc.gov/MARC21/slim http://www.loc.gov/standards/marcxml/schema/MARC21slim.xsd"><leader>     nam a22        4500</leader><controlfield tag="001">001701346</controlfield><controlfield tag="003">NNU</controlfield><controlfield tag="006">m        d        </controlfield><controlfield tag="007">cr cn |||m|||a</controlfield><controlfield tag="008">150313s1954    ua      o     000 0dara d</controlfield><datafield ind1=" " ind2=" " tag="040"><subfield code="a">NNU</subfield><subfield code="b">eng</subfield><subfield code="c">NNU</subfield></datafield><datafield ind1=" " ind2=" " tag="066"><subfield code="c">(3</subfield></datafield><datafield ind1=" " ind2=" " tag="090"><subfield code="a">PJ7876.A35</subfield><subfield code="b">Z7</subfield></datafield><datafield ind1="1" ind2=" " tag="100"><subfield code="6">880-01</subfield><subfield code="a">&#7716;&#257;n&#299;, N&#257;&#7779;ir</subfield></datafield><datafield ind1="1" ind2="0" tag="245"><subfield code="6">880-02</subfield><subfield code="a">Mu&#7717;a&#7693;ar&#257;t &#699;an Jam&#299;l al-Zah&#257;w&#299;</subfield><subfield code="h">[electronic resource] :</subfield><subfield code="b">&#7717;ay&#257;tihi wa-shi&#699;rih /</subfield><subfield code="c">alq&#257;h&#257; N&#257;&#7779;ir al-&#7716;&#257;n&#299;.</subfield></datafield><datafield ind1=" " ind2=" " tag="260"><subfield code="6">880-03</subfield><subfield code="a">[Cairo] :</subfield><subfield code="b">J&#257;mi&#699;at al-Duwal al-&#699;Arabiyah, Ma&#699;had al-Dirasat al-&#699;Arabiyah al-&#699;Aliyah,</subfield><subfield code="c">1954.</subfield></datafield><datafield ind1=" " ind2=" " tag="300"><subfield code="a">online resource (140 p.)</subfield></datafield><datafield ind1=" " ind2=" " tag="500"><subfield code="a">P. [73]-140: Selections from al-Zah&#257;w&#299;'s poetry and prose.</subfield></datafield><datafield ind1=" " ind2=" " tag="500"><subfield code="a">Part of the Arabic Collections Online (ACO) project, contributed by New York Univeristy Libraries.</subfield></datafield><datafield ind1=" " ind2=" " tag="533"><subfield code="a">Electronic reproduction.</subfield><subfield code="b">New York, N.Y. :</subfield><subfield code="c">New York University,</subfield><subfield code="d">2015.</subfield><subfield code="5">NNU</subfield></datafield><datafield ind1="1" ind2="0" tag="600"><subfield code="6">880-04</subfield><subfield code="a">Zah&#257;w&#299;, Jam&#299;l &#7778;idq&#299;</subfield></datafield><datafield ind1="1" ind2="2" tag="700"><subfield code="6">880-05</subfield><subfield code="a">Zah&#257;w&#299;, Jam&#299;l &#7778;idq&#299;</subfield><subfield code="t">Selections.</subfield></datafield><datafield ind1="2" ind2=" " tag="710"><subfield code="a">New York University.</subfield><subfield code="b">Libraries.</subfield></datafield><datafield ind1="0" ind2=" " tag="730"><subfield code="a">Arabic Collections Online.</subfield></datafield><datafield ind1="0" ind2="8" tag="776"><subfield code="i">Print version:</subfield><subfield code="a">&#7716;&#257;n&#299;, N&#257;&#7779;ir 880-01</subfield><subfield code="t">Mu&#7717;a&#7693;ar&#257;t &#699;an Jam&#299;l al-Zah&#257;w&#299;</subfield><subfield code="w">(NNU)001701346</subfield></datafield><datafield ind1="4" ind2="0" tag="856"><subfield code="u">http://hdl.handle.net/2333.1/02v6x02p</subfield></datafield><datafield ind1="1" ind2=" " tag="880"><subfield code="6">100-01/</subfield><subfield code="a">&#1581;&#1575;&#1606;&#1610;&#1548; &#1606;&#1575;&#1589;&#1585;.</subfield></datafield><datafield ind1="1" ind2="0" tag="880"><subfield code="6">245-02/</subfield><subfield code="a">&#1605;&#1581;&#1575;&#1590;&#1585;&#1575;&#1578; &#1593;&#1606; &#1580;&#1605;&#1610;&#1604; &#1575;&#1604;&#1586;&#1607;&#1575;&#1608;&#1610; :</subfield><subfield code="b">&#1581;&#1610;&#1575;&#1578;&#1607; &#1608;&#1588;&#1593;&#1585;&#1607; /</subfield><subfield code="c">&#1571;&#1604;&#1602;&#1575;&#1607;&#1575; &#1606;&#1575;&#1589;&#1585; &#1575;&#1604;&#1581;&#1575;&#1606;&#1610;.</subfield></datafield><datafield ind1=" " ind2=" " tag="880"><subfield code="6">260-03/</subfield><subfield code="a">[&#1575;&#1604;&#1602;&#1575;&#1607;&#1585;&#1577;] :</subfield><subfield code="b">&#1580;&#1575;&#1605;&#1593;&#1577; &#1575;&#1604;&#1583;&#1608;&#1604; &#1575;&#1604;&#1593;&#1585;&#1576;&#1610;&#1577;&#1548; &#1605;&#1593;&#1607;&#1583; &#1575;&#1604;&#1583;&#1585;&#1575;&#1587;&#1575;&#1578; &#1575;&#1604;&#1593;&#1585;&#1576;&#1610;&#1577; &#1575;&#1604;&#1593;&#1575;&#1604;&#1610;&#1577;&#1548;</subfield><subfield code="c">1954.</subfield></datafield><datafield ind1="1" ind2="0" tag="880"><subfield code="6">600-04/</subfield><subfield code="a">&#1586;&#1607;&#1575;&#1608;&#1610;&#1548; &#1580;&#1605;&#1610;&#1604; &#1589;&#1583;&#1602;&#1610;.</subfield></datafield><datafield ind1="1" ind2="2" tag="880"><subfield code="6">700-05/</subfield><subfield code="a">&#1586;&#1607;&#1575;&#1608;&#1610;&#1548; &#1580;&#1605;&#1610;&#1604; &#1589;&#1583;&#1602;&#1610;.</subfield><subfield code="k">&#1605;&#1582;&#1578;&#1575;&#1585;&#1575;&#1578;.</subfield></datafield><datafield ind1=" " ind2=" " tag="959"><subfield code="a">NNU</subfield><subfield code="b">WEB</subfield><subfield code="c">GENI</subfield><subfield code="t">0</subfield><subfield code="m">Electronic access</subfield><subfield code="s">01</subfield></datafield><datafield ind1=" " ind2=" " tag="999"><subfield code="i">NNU_001701346</subfield><subfield code="s">nyu_aco000580</subfield></datafield></record>